@ARTICLE{allison_handling_2012,
    title = {Handling missing data by maximum likelihood},
    url = {https://statisticalhorizons.com/wp-content/uploads/MissingDataByML.pdf},
    journal = {SAS Global Forum 2012},
    author = {Allison, Paul},
    year = {2012}
}

@INPROCEEDINGS{econ_commission,
    address = {Geneva},
    title = {Glossary of terms on statistical data editing},
    author = {Economic Commission for Europe of the United Nations (UNECE)},
    year = {2000}
}

@BOOK{gelman_data_2017,
    address = {Cambridge ; New York},
    series = {Analytical methods for social research},
    title = {Data analysis using regression and multilevel/hierarchical models},
    isbn = {9780521867061 9780521686891},
    publisher = {Cambridge University Press},
    author = {Gelman, Andrew and Hill, Jennifer},
    year = {2017},
    note = {OCLC: ocm67375137},
    keywords = {Regression analysis, Multilevel models (Statistics)}
}

@MISC{introduction_to_sas_notitle_2017,
    url = {https://stats.idre.ucla.edu/sas/modules/sas-learning-moduleintroduction-to-the-features-of-sas/},
    journal = {UCLA: Statistical Consulting Group},
    author = {Introduction to SAS},
    year = {2017},
    note = {publisher: }
}

@ARTICLE{rubin_inference_1976,
    title = {Inference and missing data},
    volume = {63},
    issn = {0006-3444, 1464-3510},
    url = {https://academic.oup.com/biomet/article-lookup/doi/10.1093/biomet/63.3.581},
    doi = {10.1093/biomet/63.3.581},
    language = {en},
    number = {3},
    urldate = {2019-05-05TZ},
    journal = {Biometrika},
    author = {Rubin, Donald B.},
    year = {1976},
    pages = {581--592}
}

@BOOK{van_buuren_flexible_2018,
    edition = {2},
    title = {Flexible imputation of missing data},
    isbn = {9780429065408},
    url = {https://www.taylorfrancis.com/books/9781439868256},
    language = {en},
    urldate = {2019-05-05TZ},
    publisher = {Chapman and Hall/CRC},
    author = {Van Buuren, Stef},
    month = mar,
    year = {2018},
    doi = {10.1201/b11826}
}

@ARTICLE{morris_tuning_2014,
    title = {Tuning multiple imputation by predictive mean matching and local residual draws},
    volume = {14},
    issn = {1471-2288},
    url = {https://bmcmedresmethodol.biomedcentral.com/articles/10.1186/1471-2288-14-75},
    doi = {10.1186/1471-2288-14-75},
    language = {en},
    number = {1},
    urldate = {2019-05-05TZ},
    journal = {BMC Medical Research Methodology},
    author = {Morris, Tim P and White, Ian R and Royston, Patrick},
    month = dec,
    year = {2014}
}

@BOOK{nakagawa_chapter_2015,
    title = {{CHAPTER} 4 {Missing} data : mechanisms , methods , and messages},
    author = {Nakagawa, Shinichi },
    year = {2015}
}

@PHDTHESIS{yu_comparative_2017,
    title = {Comparative {Evaluation} of {Recent} {ML} {Based} {Missing} {Data} {Imputation} {Methods} with {NORC}â€™s {Survey} of {Consumer} {Finances}},
    school = {University of Chicago Graham School},
    author = {Yu, A and Wagner, J and Murugesan, M},
    year = {2017}
}

@ARTICLE{vink_towards_nodate,
    title = {Towards a {Standardized} {Evaluation} of {Multiple} {Imputation} {Routines}},
    url = {https://www.gerkovink.com/docs/Standardized%20evaluation.pdf},
    author = {Vink, Gerko}
}